@inproceedings{aumayr2021blitz,
  title={Blitz: Secure $\{$Multi-Hop$\}$ Payments Without $\{$Two-Phase$\}$ Commits},
  author={Aumayr, Lukas and Moreno-Sanchez, Pedro and Kate, Aniket and Maffei, Matteo},
  booktitle={30th USENIX Security Symposium (USENIX Security 21)},
  year={2021}
}